<record><leader>00000cas a22000007a 4500</leader><controlfield tag="001">14223805</controlfield><controlfield tag="008">860916d19201929paudn ne      0    0eng d</controlfield><datafield ind1=" " ind2=" " tag="010"><subfield code="a">sn 88079070 </subfield></datafield><datafield ind1=" " ind2=" " tag="040"><subfield code="a">NPH</subfield><subfield code="b">eng</subfield><subfield code="c">NPH</subfield><subfield code="d">OCL</subfield><subfield code="d">OCLCQ</subfield></datafield><datafield ind1=" " ind2=" " tag="042"><subfield code="a">msc</subfield></datafield><datafield ind1="0" ind2="4" tag="245"><subfield code="a">The Record and times-democrat.</subfield></datafield><datafield ind1=" " ind2=" " tag="260"><subfield code="a">Stroudsburg, Pa. :</subfield><subfield code="b">Monroe Pub. Co.,</subfield><subfield code="c">-1929.</subfield></datafield><datafield ind1=" " ind2=" " tag="300"><subfield code="a">v. :</subfield><subfield code="b">ill. ;</subfield><subfield code="c">55 cm.</subfield></datafield><datafield ind1=" " ind2=" " tag="310"><subfield code="a">Daily (except Sun.)</subfield></datafield><datafield ind1="1" ind2=" " tag="362"><subfield code="a">Began in 1920?</subfield></datafield><datafield ind1="0" ind2=" " tag="362"><subfield code="a">-v. 36, no. 306 (Apr. 30, 1929).</subfield></datafield><datafield ind1=" " ind2=" " tag="500"><subfield code="a">Editor: A.F. Everitt, &lt;1921&gt;.</subfield></datafield><datafield ind1=" " ind2=" " tag="580"><subfield code="a">Formed by the union of: Daily record (Stroudsburg, Pa. : 1909); and Times-democrat (Stroudsburg, Pa. : Daily).</subfield></datafield><datafield ind1=" " ind2=" " tag="580"><subfield code="a">Weekly ed.: Monroe record and times-democrat.</subfield></datafield><datafield ind1=" " ind2=" " tag="588"><subfield code="a">Description based on: Vol. 27, no. 281 (Mar. 23, 1921).</subfield></datafield><datafield ind1=" " ind2=" " tag="752"><subfield code="a">United States</subfield><subfield code="b">Pennsylvania</subfield><subfield code="c">Monroe</subfield><subfield code="d">Stroudsburg.</subfield></datafield><datafield ind1="1" ind2=" " tag="775"><subfield code="t">Monroe record and times-democrat</subfield><subfield code="w">(DLC)sn 87078058</subfield></datafield><datafield ind1="1" ind2="4" tag="780"><subfield code="t">Daily record (Stroudsburg, Pa. : 1909)</subfield><subfield code="w">(DLC)sn 87078338</subfield></datafield><datafield ind1="1" ind2="4" tag="780"><subfield code="t">Times-democrat (Stroudsburg, Pa. : Daily)</subfield><subfield code="w">(DLC)sn 88079066</subfield></datafield><datafield ind1="0" ind2="7" tag="785"><subfield code="t">Morning press (East Stroudsburg, Pa.)</subfield><subfield code="w">(DLC)sn 88079075</subfield></datafield><datafield ind1="0" ind2="7" tag="785"><subfield code="t">Record and morning press</subfield><subfield code="w">(DLC)sn 87080426</subfield></datafield></record>